@misc{Minka:18:InferNET,
author = "Minka, T. and Winn, J.M. and Guiver, J.P. and Zaykov, Y. and Fabian, D. and Bronskill, J.",
title = {/{Infer.NET 0.3}},
year = 2018,
note = {Microsoft Research Cambridge. http://dotnet.github.io/infer}
}
@inproceedings{Hanrahan:2012:ADT,
 author = {Hanrahan, Pat},
 title = {Analytic Database Technologies for a New Kind of User: The Data Enthusiast},
 booktitle = {Proceedings of the 2012 ACM SIGMOD International Conference on Management of Data},
 series = {SIGMOD '12},
 year = {2012},
 isbn = {978-1-4503-1247-9},
 location = {Scottsdale, Arizona, USA},
 pages = {577--578},
 numpages = {2},
 url = {http://doi.acm.org/10.1145/2213836.2213902},
 doi = {10.1145/2213836.2213902},
 acmid = {2213902},
 publisher = {ACM},
 address = {New York, NY, USA},
 keywords = {analytic database technology},
} 

@article{Morton:2014:SDE,
 author = {Morton, Kristi and Balazinska, Magdalena and Grossman, Dan and Mackinlay, Jock},
 title = {Support the Data Enthusiast: Challenges for Next-generation Data-analysis Systems},
 journal = {Proc. VLDB Endow.},
 issue_date = {February 2014},
 volume = {7},
 number = {6},
 month = feb,
 year = {2014},
 issn = {2150-8097},
 pages = {453--456},
 numpages = {4},
 url = {http://dx.doi.org/10.14778/2732279.2732282},
 doi = {10.14778/2732279.2732282},
 acmid = {2732282},
 publisher = {VLDB Endowment},
} 

@book{Huff:1993:LS,
 author = {Huff, Darrell and Geis, Irving},
 title = {How to Lie With Statistics},
 year = {1993},
 isbn = {0393310728},
 publisher = {W. W. Norton \& Company},
} 
